@article{
	cyberlenin2,
	author="Е.А. Самойлин",
	title="АЛГОРИТМ РАСПОЗНАВАНИЯ ИЗОБРАЖЕНИЙ НА ОСНОВЕ
	ГРАДИЕНТНОГО СОВМЕЩЕНИЯ ОБЪЕКТА С ЭТАЛОНОМ",
	journal="Сборник трудов XXV Международной научно-технической конференции",
	year=2019,
	pages=150
}

@inproceedings{yuan2022learned,
	title={Learned buffer replacement for database systems},
	author={Y. Peiquan},
	booktitle={Proceedings of the 2022 5th International Conference on Data Storage and Data Engineering},
	pages={18--25},
	year={2022}
}

@book{shaik2020postgresql,
	title={PostgreSQL Configuration: Best Practices for Performance and Security},
	author={B. Shaik},
	year={2020},
	publisher={Apress}
}

@book{minsky1969perceptrons,
	author    = {M. Minsky},
	title     = {Perceptrons: An Introduction to Computational Geometry},
	year      = {1969},
	publisher = {MIT Press}
}

@article{hecht1987,
	author    = {R. Hecht-Nielsen},
	title     = {Kolmogorov's Mapping Neural Network Existence Theorem},
	year      = {1987},
	booktitle = {Proceedings of the International Conference on Neural Networks},
	volume    = {3},
	pages     = {11--14},
	publisher = {IEEE}
}

@article{kolmogorov1957,
	author    = {А. Н. Колмогоров},
	title     = {О представлении непрерывных функций нескольких переменных в виде суперпозиции непрерывных функций одного переменного и сложения},
	year      = {1957},
	journal   = {Доклады академии наук СССР},
	volume    = {114},
	number    = {5},
	pages     = {953--956}
}

@article{baum1989,
	author    = {E. Baum},
	title     = {What Size Net Gives Valid Generalization?},
	year      = {1989},
	journal   = {Neural Computation},
	volume    = {1},
	number    = {1},
	pages     = {151--160}
}

@article{jiang2022efficient,
	title={An efficient multilayer RBF neural network and its application to regression problems},
	author={Q. Jiang},
	journal={Neural computing and Applications},
	pages={1--18},
	year={2022},
	publisher={Springer}
}

@article{vinyals2015pointer,
	title={Pointer networks},
	author={O. Vinyals},
	journal={Advances in neural information processing systems},
	volume={28},
	year={2015}
}

@misc{leutenegger1993modeling,
	title={A modeling study of the TPC-C benchmark, vol. 22},
	author={S. Leutenegger},
	year={1993},
	publisher={ACM}
}

@article{дель2021прогноз,
	title={Прогноз приземной температуры воздуха на основе модели рекуррентной нейронной сети},
	author={И. В. Дель},
	year={2021},
	journal={Сборник статей Всероссийской молодежной	научной конференции студентов},
	publisher={Издательство НТЛ}
}

@inproceedings{ромасенко2022запоминание,
	title={ЗАПОМИНАНИЕ И ОТОБРАЖЕНИИ ОБРАЗОВ НА ОСНОВЕ НЕЙРОННОЙ СЕТИ ХОПФИЛДА},
	author={А. А. Ромасенко},
	booktitle={Всероссийская научно-методическая конференция, посвященная 70-летию Оренбургского государственного университета},
	pages={1384--1392},
	year={2022}
}

@article{yu2019review,
	title={A review of recurrent neural networks: LSTM cells and network architectures},
	author={J. Zhang},
	journal={Neural computation},
	volume={31},
	number={7},
	pages={1235--1270},
	year={2019},
	publisher={MIT Press}
}

@misc{Python,
	title="Язык программирования Python [Электронный ресурс]",
	howpublished="Режим доступа: \url{https://www.python.org/}",
	addendum="(Дата обращения: 28.04.2025)"
}

@misc{PyTorch,
	title="Библиотека PyTorch [Электронный ресурс]",
	howpublished="Режим доступа: \url{https://pytorch.org/}",
	addendum="(Дата обращения: 28.04.2025)"
}

@article{
	cyberlenin1,
	author="П.В.Бабаян",
	title="РАСПОЗНАВАНИЕ ОБЪЕКТОВ НА ИЗОБРАЖЕНИЯХ
	ПРИ НАБЛЮДЕНИИ ИЗ КОСМОСА",
	journal="Вестник РГРТУ. No 4 (выпуск 26)",
	year=2008,
	pages=8
}

@article{
	perceptron,
	author="О.А. Митина",
	title="ПЕРЦЕПТРОН В ЗАДАЧАХ БИНАРНОЙ КЛАССИФИКАЦИИ",
	journal="Национальная ассоциация ученых",
	year=2021,
	pages=6
}

@article{
	statistic,
	author="Н. М. Агеева",
	title="Анализ методов распознавания изображений",
	journal="Наука и инновации в современно мире: техника и технологии",
	year=2017,
	pages=112
}

@article{
	log_regression,
	author="А. Д. Самаль",
	title="ОБЗОР МЕТОДОВ МАШИННОГО ОБУЧЕНИЯ ДЛЯ КЛАССИФИКАЦИИ ИЗОБРАЖЕНИЙ",
	journal="Белорусский государственный технологический университет",
	year=2019,
	pages=553
}

@article{
	solve_tree,
	author="А. А. Мифтахова",
	title="ПРИМЕНЕНИЕ МЕТОДА ДЕРЕВА РЕШЕНИЙ В ЗАДАЧАХ КЛАССИФИКАЦИИ И ПРОГНОЗИРОВАНИЯ",
	journal="Поволжский государственный университет телекоммуникаций и информатики",
	year=2016,
	pages=7
}

@article{
	neuro_base,
	author="Г. В. Антонов",
	title="ПРОСТАЯ НЕЙРОННАЯ СЕТЬ И ЕЕ ПРАКТИЧЕСКОЕ ПРИМЕНЕНИЕ",
	journal="ФГБОУ ВО Великолукская государственная сельскохозяйственная академия",
	year=2021,
	pages=11
}

@article{
	neuro_architecture,
	author="К. М. Левченко",
	title="Нейронные сети",
	journal="Белорусский государственный университет информатики и радиоэлектроники",
	year=2022,
	pages=5
}

@article{
	activation_function,
	author="Н. Е. Бабушкина",
	title="ВЫБОР ФУНКЦИИ АКТИВАЦИИ НЕЙРОННОЙ СЕТИ В ЗАВИСИМОСТИ ОТ УСЛОВИЙ ЗАДАЧИ",
	journal="Донской государственный технический университет",
	year=2022,
	pages=4
}

@article{
	loss_function,
	author="А. Н. Апарнев",
	title="Анализ функций потерь при обучении сверточных нейронных сетей с оптимизатором Adam для классификации изображений",
	journal="ВЕСТНИК МОСКОВСКОГО ЭНЕРГЕТИЧЕСКОГО ИНСТИТУТА. ВЕСТНИК МЭИ",
	year=2020,
	pages=90
}

@article{
	gradient,
	author="Д. А. Барвинский",
	title="Применение метода градиентного спуска в решении задач оптимизации",
	journal="Тенденции развития науки и образования",
	year=2021,
	pages=61
}


@article{research1,
	title="Исследование параметров алгоритмов распознавания лиц",
	author="С. Е. Паршин",
	journal="Сборник научных трудов Новосибирского государственного технического университета",
	pages=6,
	year=2019
}

@article{svertka,
	title="Обзор свёрточных нейронных сетей для задачи классификации изображений",
	author="О. С. Сикорский",
	journal="Новые информационные технологии в автоматизированных системах",
	pages=8,
	year=2017
}

@article{capsule1,
	title="ИССЛЕДОВАНИЕ СРЕДСТВ МАТЕМАТИЧЕСКОГО РАСПОЗНАВАНИЯ ПРОГРАММНО-СГЕНЕРИРОВАННЫХ ИЗОБРАЖЕНИЙ",
	author="Д. К. Танаянц",
	journal="Журнал «Интернаука»",
	pages=3,
	year=2021
}

@article{capsule2,
	title="ПЕРСПЕКТИВЫ ПРИМЕНЕНИЯ КАПСУЛЬНЫХ НЕЙРОННЫХ СЕТЕЙ В РАСПОЗНАВАНИИ ОБЪЕКТОВ НА ИЗОБРАЖЕНИЯХ",
	author="И. П. Алексеев",
	journal="ТИНЧУРИНСКИЕ ЧТЕНИЯ - 2021 ЭНЕРГЕТИКА И ЦИФРОВАЯ ТРАНСФОРМАЦИЯ",
	pages=4,
	year=2021
}

@article{galaxy,
	title="КЛАССИФИКАЦИЯ ГАЛАКТИК С ПОМОЩЬЮ КАПСУЛЬНЫХ НЕЙРОННЫХ СЕТЕЙ",
	author="Д. В. Береснев",
	journal="БГУИР",
	pages=4,
	year=2019
}

@article{lenet,
	title="Gradient-Based Learning Applied to Document Recognition",
	author="Y. LeCun",
	journal="Proceedings of the IEEE",
	pages=46,
	year=1998
}

@article{googlenet,
	title="Going Deeper With Convolutions",
	author="C. Szegedy",
	journal="Proceedings of the IEEE Conference on Computer Vision and Pattern Recognition (CVPR)",
	pages=12,
	year=2015
}

@article{normalisation,
	title="Глубокое обучение. Погружение в мир нейронных сетей",
	author="С. Николенко",
	journal="Издательство Питер",
	pages=477,
	year=2018
}

@article{normalisation_lecun,
	title={Efficient Backprop},
	author={Y. Lecun},
	journal={Neural Networks: Tricks of the Trade},
	pages={99--48},
	year={2019},
	publisher={Springer Berlin Heidelberg}
}

@article{ansambles,
	title={Ансамблевый метод машинного обучения, основанный на рекомендации классификаторов},
	author={Ю. С. Кашницкий},
	journal={Интеллектуальные системы. Теория и приложения},
	volume={19},
	number={4},
	pages={37--55},
	year={2015}
}

@article{comparising,
	title={CapsNet, CNN, FCN: Comparative Performance
	Evaluation for Image Classification},
	author={J. Xuefeng},
	journal={International Journal of Machine Learning and Computing},
	volume={9},
	number={6},
	pages={9},
	year={2019}
}

@article{overtraining1,
	title={Методы борьбы с переобучением искусственных нейронных сетей},
	author={Ю. О. Воронецкий},
	journal={Научный аспект},
	volume={13},
	number={2},
	pages={1639--1647},
	year={2019},
	publisher={Общество с ограниченной ответственностью" Аспект"}
}

@article{augmentation,
	title={Формирование обучающей выборки в задачах машинного обучения. Обзор},
	author={А. В. Парасич},
	journal={Информационно-управляющие системы},
	pages={61--70},
	year={2021},
	publisher={Южно-Уральский государственный университет}
}

@article{augmentation1,	
	author={Z. Cai},	
	journal={IEEE Transactions on Pattern Analysis and Machine Intelligence}, 
	title={Cascade R-CNN: High Quality Object Detection and Instance Segmentation}, 
	year={2021},
	volume={43},
	number={5},
	pages={1483-1498}}

@article{regulisation,	
	author={О.А. Пырнова},	
	journal={ИНФОРМАЦИОННЫЕ ТЕХНОЛОГИИ В СТРОИТЕЛЬНЫХ, СОЦИАЛЬНЫХ И ЭКОНОМИЧЕСКИХ СИСТЕМАХ}, 
	title={МЕТОДЫ И ПРОБЛЕМЫ ПЕРЕОБУЧЕНИЯ МНОГОСЛОЙНОЙ НЕЙРОННОЙ СЕТИ}, 
	year={2020},
	pages={101-103}}

@misc{architectures,
	title="Different types of CNN Architectures [Электронный ресурс]",
	howpublished="Режим доступа: \url{https://vitalflux.com/different-types-of-cnn-architectures-explained-examples/}",
	addendum="(Дата обращения: 28.04.2023)"
}

@misc{capsule3,
	title="Understanding Capsule Networks [Электронный ресурс]",
	howpublished="Режим доступа: \url{https://www.freecodecamp.org/news/understanding-capsule-networks-ais-allurin-new-architecture-bdb228173ddc}",
	addendum="(Дата обращения: 28.04.2023)"
}

@misc{mnist,
	title="MNIST dataset [Электронный ресурс]",
	howpublished="Режим доступа: \url{https://www.tensorflow.org/datasets/catalog/mnist}",
	addendum="(Дата обращения: 28.04.2023)"
}

@misc{cifar,
	title="CIFAR-10 dataset [Электронный ресурс]",
	howpublished="Режим доступа: \url{https://www.tensorflow.org/datasets/catalog/cifar10}",
	addendum="(Дата обращения: 28.04.2023)"
}

@article{perseptronprepare,
	title={Разработка программного средства для идентификации номерных знаков транспортных средств на основе методов компьютерного зрения},
	author={Р. Э. Яхшибоев},
	journal={Journal of new century innovations},
	volume={15},
	number={1},
	pages={81--93},
	year={2022}
}

@inproceedings{mobilenets,
	title={MobileNets for flower classification using TensorFlow},
	author={R. Nitin},
	booktitle={2017 international conference on big data, IoT and data science (BID)},
	pages={154--158},
	year={2017},
	organization={IEEE}
}

@misc{planesdataset,
	title="Military Aircraft Recognition dataset [Электронный ресурс]",
	howpublished="Режим доступа: \url{https://www.kaggle.com/datasets/khlaifiabilel/military-aircraft-recognition-dataset}",
	addendum="(Дата обращения: 28.02.2023)"
}
