@article{гордиевских2015сущность,
	title="Сущность, структура и классификация современных технологий виртуализации",
	author="В. М. Гордиевских",
	journal="Вестник Шадринского государственного педагогического университета",
	number=25,
	pages={125--133},
	year=2015
}

@inproceedings{алексеев2019гипервизоры,
	title={Гипервизоры и виртуальные машины},
	author={А. Л. Алексеев},
	booktitle={ИНФОРМАЦИОННЫЕ ТЕХНОЛОГИИ В НАУКЕ, ПРОМЫШЛЕННОСТИ И ОБРАЗОВАНИИ},
	pages={121--128},
	year={2019}
}

@article{virtReq,
	title={Formal requirements for virtualizable third generation architectures},
	author={J. G. Popek},
	journal={Communications of the ACM},
	number=17,
	year=1974
}

@incollection{гоношенко2020аппаратно,
	title={АППАРАТНО-ПРОГРАММНЫЕ СРЕДСТВА ВИРТУАЛИЗАЦИИ},
	author={С. В. Гоношенко},
	booktitle={Информационные технологии XXI века},
	pages={236--241},
	year={2020}
}

@book{tanenbaumOS,
	title={Современные операционные системы},
	author={Э. Таненбаум},
	journal={СПб.: Питер},
	year=2015
}

@book{admin,
	title={UNIX AND LINUX SYSTEM ADMINISTRATION HANDBOOK},
	author={E. Nemeth},
	journal={Addison-Wesley},
	year=2018
}

@article{рыбаков2021виртуализация,
	title={Виртуализация ОС Эльбрус},
	author={С. А. Рыбаков},
	journal={Вестник Концерна ВКО Алмаз-Антей},
	number={4 (39)},
	pages={67--75},
	year={2021},
	publisher={Акционерное общество {\guillemotleft}Концерн воздушно-космической обороны {\guillemotleft}Алмаз--Антей{\guillemotright}}
}

@book{jain2020linux,
	title={Linux Containers and Virtualization},
	author={M. J. Shashank},
	journal={A Kernel Perspective},
	year={2020},
	publisher={Springer}
}

@book{yadav2019docker,
	title={Docker containers versus virtual machine-based virtualization},
	author={K. Anuj},
	pages={141--150},
	year={2019},
	publisher={Springer}
}