@article{deepBM,
	title={DeepBM: A Deep Learning-based Dynamic Page Replacement Policy},
	author={X. Chen},
	publisher={University of California, Berkeley},
	year=2019
}

@inproceedings{yuan2022learned,
	title={Learned buffer replacement for database systems},
	author={Y. Peiquan},
	booktitle={Proceedings of the 2022 5th International Conference on Data Storage and Data Engineering},
	pages={18--25},
	year={2022}
}

@book{shaik2020postgresql,
	title={PostgreSQL Configuration: Best Practices for Performance and Security},
	author={B. Shaik},
	year={2020},
	publisher={Apress}
}

@article{yu2019review,
	title={A review of recurrent neural networks: LSTM cells and network architectures},
	author={J. Zhang},
	journal={Neural computation},
	volume={31},
	number={7},
	pages={1235--1270},
	year={2019},
	publisher={MIT Press}
}

@article{onecode,
	title={Сравнительный анализ методов сокращения линейных моделей машинного обучения для задач автоматической обработки текстов},
	author={А. О. Казенников},
	year={2012},
	publisher={ИППИ РАН}
}

@article{митина2021перцептрон,
	title={Перцептрон в задачах бинарной классификации},
	author={О. А. Митина},
	journal={Национальная ассоциация ученых},
	number={66-1},
	pages={39--44},
	year={2021}
}